<?xml version="1.0"?>
<marc:records xmlns:marc="http://www.loc.gov/MARC21/slim" xmlns:xsi="http://www.w3.org/2001/XMLSchema-instance" xsi:schemaLocation="http://www.loc.gov/MARC21/slim http://www.loc.gov/standards/marcxml/schema/MARC21slim.xsd">
  <marc:record>
    <marc:leader>10907ntm a2200577Ia 4500</marc:leader>
    <marc:controlfield tag="001">9969495493503681</marc:controlfield>
    <marc:controlfield tag="005">20190227084859.0</marc:controlfield>
    <marc:controlfield tag="008">190226q18001810it            000 0 heb d</marc:controlfield>
    <marc:datafield ind1=" " ind2=" " tag="035">
  <marc:subfield code="a">(OCoLC)1088505328</marc:subfield>
</marc:datafield>
    <marc:datafield ind1=" " ind2=" " tag="035">
  <marc:subfield code="a">(OCoLC)on1088505328</marc:subfield>
</marc:datafield>
    <marc:datafield ind1=" " ind2=" " tag="035">
  <marc:subfield code="a">(PU)6949549-penndb-Voyager</marc:subfield>
</marc:datafield>
    <marc:datafield ind1=" " ind2=" " tag="040">
  <marc:subfield code="a">PAU</marc:subfield>
  <marc:subfield code="b">eng</marc:subfield>
  <marc:subfield code="c">PAU</marc:subfield>
  <marc:subfield code="e">dacs</marc:subfield>
</marc:datafield>
    <marc:datafield ind1=" " ind2="9" tag="099">
  <marc:subfield code="a">CAJS Rar Ms 482</marc:subfield>
</marc:datafield>
    <marc:datafield ind1="0" ind2="0" tag="245">
  <marc:subfield code="6">880-01</marc:subfield>
  <marc:subfield code="a">[Berit Avraham] ... [etc.],</marc:subfield>
  <marc:subfield code="f">circa 1800-1810.</marc:subfield>
</marc:datafield>
    <marc:datafield ind1=" " ind2=" " tag="300">
  <marc:subfield code="a">66 leaves :</marc:subfield>
  <marc:subfield code="b">paper ;</marc:subfield>
  <marc:subfield code="c">166 x 111 (135 x 80) mm bound to 175 x 120 mm.</marc:subfield>
</marc:datafield>
    <marc:datafield ind1=" " ind2=" " tag="500">
  <marc:subfield code="a">Ms. codex.</marc:subfield>
</marc:datafield>
    <marc:datafield ind1=" " ind2=" " tag="500">
  <marc:subfield code="a">Manuscript is foliated incorrectly in large numbers at upper left recto; correct foliation written by cataloger in lower left recto. Layout is single column without ruling, resulting in an amateur appearence; for the last work (f. 61r-65v), 2 columns with title headers and contemporary foliation (numbered 126-130) are used. Written in a hybrid script with elements of Sefardic and North African influence, with both elements of block and semicursive present; for the last work, script is clearly Maghrebi cursive. Rebound in modern decorated boards; many pages mended and reinforced with Japanese fine paper, especially in areas of extensive insect damage throughout the manuscript. Written likely in Italy, perhaps Southern Italy, based on the paper and inks, as well as provenance and signatures.</marc:subfield>
</marc:datafield>
    <marc:datafield ind1="0" ind2=" " tag="505">
  <marc:subfield code="6">880-02</marc:subfield>
  <marc:subfield code="a">1. f. 2r-4v: [Tefilah le-hatslah&#x323;at ha-K&#x323;esar Napoleon be-milh&#x323;amah] -- 2. f. 7r-32r: Berit Avraham -- 3. f. 34r-40r: Ma'as&#x301;eh Shabtai Tsevi -- 4. f. 43r-45r: H&#x323;alom shel ha-rav Peri H&#x323;adash 'a.h. -- 5. f. 47r-51r: Sipur Shemu'el n. Azariah -- 6. f. 53r-54v: ['al] R. Shelomoh ben Gabirol -- 7. f. 56r-59r: Pi. Rabah bar Bar H&#x323;anah -- 8. f. 61r-65v: Megaleh 'amuk&#x323;ot / Pseudo-Maimonides.</marc:subfield>
</marc:datafield>
    <marc:datafield ind1=" " ind2=" " tag="520">
  <marc:subfield code="a">This is a multi-part manuscript consisting of a number of works, with many of them specifically narrative-aligned, mystical, and some of them being somewhat controversial. The first work is a prayer for the success of Napoleon Bonaparte; it begins (while the first folio is clearly missing) with a prayer for Napoleon's success in battle, and so that he should sit on the throne of France and Italy; f. 3v-4r;  possibly, this is coming on the heels of a decree by Napoleon in approximately 1808 for synagogues to recite prayers on his behalf. Following this is the work Berit Avraham, authored by [Gedaliah? manuscript damaged on writing] b. Avraham, who 'at 28 years old converted to Judaism from Christianity, and authored the text so God will grant him forgiveness and destroy the enemies of Israel' (translation of f. 7r); it is a variant of the recensioned texts among the "Toledot Yeshu" manuscripts, including the birth narrative of Jesus being from an illegitimate union, a presentation of Jesus as a scholar and sorcerer ("v&#x323;ekishe-hayah Yeshu ben h. shanim halikho le-bet midrash ve-yatsa h&#x323;arif 'ad me'od ... ve-lamad kol h&#x323;akhmot she-ba'olam uve-milekhet kesafim [i.e. keshafim] hitsliah&#x323; me'od..."; 'and when Jesus was five years old, he entered the house of study, and returned very sharpwitted ... and he studied all wisdoms in the world, and [specifically] the wisdom of sorcery', f. 9r); that Jesus stole the Ineffeble Name of God ('ve-hayah shem ha-meforash yoda'a kemo she-hem yod'im', "and [Jesus] knew the Ineffable Name as they (i.e. the Elders of Egypt) knew it...", f. 9v); finishing with a prayer by the author for vengeance against the enemies of Israel and enemies of His (i.e. God's) name, such as Jesus and his disciples ('kemo Kris&#x301;t&#x323;us&#x301; Yeshu v&#x323;e-Yoh&#x323;anan v&#x323;e-Luk&#x323;&#x323;i (?) v&#x323;e-Avi (?) v&#x323;e-Mati ve-Eliak&#x323;i v&#x323;e-Palus&#x301; v&#x323;e-Netser v&#x323;e-Neoi (?) v&#x323;e-Todos; f. 33r), after which a sacrifice will be brought, i.e. the Temple will be rebuilt. The third work is a narrative about the messianic figure Shabtai Tsevi (b. Smyrna 1626 - d. Istanbul 1676), including the vision received by Nathan of Gaza (b. Jerusalem 1643 - d. Skopje 1680) confirming Shabtai's messianism. The fourth work is a narrative of a dream recounted by H&#x323;izk&#x323;iah da Silv&#x323;a (b. Livorno 1659 - d. Jerusalem 1698), called after his chief work Peri H&#x323;adash; the recounting moves through a vision of him with members of a cohort of six rabbis, all named, being punished by "three or four men, wearing black [robes], darker than night" ('Anashim melubashim sheh&#x323;orim h&#x323;ashukhim yoter min ha-laylah'; f. 43r) mentioning the punishing of members of his cohort for their treatment (possibly a case of excommunication) of Mosheh H&#x323;abib, who desired heavenly retribution; the vision continues with six men (possibly the cohort mentioned) blocking H&#x323;izk&#x323;iah da Silv&#x323;a from the afterlife, which he saw behind them (manuscript has a depiction of the formation); the narrative finishes by telling about H&#x323;izk&#x323;iah da Silv&#x323;a reaching "close to levels of prophecy" ('v&#x323;e-k&#x323;arov le-nevu'ah hayah'; f. 45r.) and dying a short time after. The fifth work is a story about a lapsed Jew, Shemu'el ibn 'Azariah, who converts to Islam and tries to prove allegiance to Mohammed through his reading the Torah, only to return to Judaism after a dream. The sixth work is a short hagiography about Shelomoh ben Yehudah Ibn Gabirol (b. Malaga appx. 1022 - d. Valencia appx. 1070?), incorrectly recording that he lived in Zaragoza ('Rabi Shelomoh ben Gabirol hayah be-'ir Saragosah'; f. 53r). The seventh work is a commentary on the visions of Rabah bar Bar H&#x323;anah (active 3rd century in Persia and Palestine) recorded in Talmud Bavli Bava Batra 73a-74b; this text is an explanation of the Aramaic terms found in the Talmud as well as a key for the numerous allegories in the Talmudic text. The eighth and final work is the Igeret megaleh 'amuk&#x323;ot attributed to Maimonides; according to Yitsh&#x323;ak&#x323; Shelat (see: Igrot ha-Rambam, ed. Sheilat, Jerusalem, Mosad ha-Rav K&#x323;uk&#x323;, 1986. vol. 2, page 695-6) this letter supposes Maimonides praises the Kabbalistic wisdom and relinquishes study of philosophy; Shelat concludes that the letter is a complete forgery.</marc:subfield>
</marc:datafield>
    <marc:datafield ind1=" " ind2=" " tag="524">
  <marc:subfield code="a">UPenn CAJS Rar Ms 482.</marc:subfield>
</marc:datafield>
    <marc:datafield ind1=" " ind2=" " tag="546">
  <marc:subfield code="a">Hebrew.</marc:subfield>
</marc:datafield>
    <marc:datafield ind1="1" ind2=" " tag="561">
  <marc:subfield code="a">Sold by Kestenbaum and Company, auction 68 (April 7, 2016), lot 137.</marc:subfield>
</marc:datafield>
    <marc:datafield ind1=" " ind2=" " tag="590">
  <marc:subfield code="a">Acquired for the Penn Libraries with assistance from the Rosengarten Family Fund.</marc:subfield>
</marc:datafield>
    <marc:datafield ind1=" " ind2=" " tag="590">
  <marc:subfield code="a">Kestenbaum auction April 7, 2016 Lot 137.</marc:subfield>
</marc:datafield>
    <marc:datafield ind1="0" ind2="0" tag="600">
  <marc:subfield code="6">880-03</marc:subfield>
  <marc:subfield code="a">Napoleon</marc:subfield>
  <marc:subfield code="b">I,</marc:subfield>
  <marc:subfield code="c">Emperor of the French,</marc:subfield>
  <marc:subfield code="d">1769-1821.</marc:subfield>
</marc:datafield>
    <marc:datafield ind1="0" ind2="0" tag="600">
  <marc:subfield code="6">880-04</marc:subfield>
  <marc:subfield code="a">Shabbethai Tzevi,</marc:subfield>
  <marc:subfield code="d">1626-1676.</marc:subfield>
</marc:datafield>
    <marc:datafield ind1="0" ind2="0" tag="600">
  <marc:subfield code="6">880-05</marc:subfield>
  <marc:subfield code="a">Nathan,</marc:subfield>
  <marc:subfield code="c">of Gaza,</marc:subfield>
  <marc:subfield code="d">1643 or 1644-1680.</marc:subfield>
</marc:datafield>
    <marc:datafield ind1="0" ind2="0" tag="600">
  <marc:subfield code="6">880-06</marc:subfield>
  <marc:subfield code="a">Hezekiah ben David da Silva,</marc:subfield>
  <marc:subfield code="d">1659-</marc:subfield>
</marc:datafield>
    <marc:datafield ind1="0" ind2="0" tag="600">
  <marc:subfield code="6">880-07</marc:subfield>
  <marc:subfield code="a">Shemu'el ibn 'Azariah.</marc:subfield>
</marc:datafield>
    <marc:datafield ind1="0" ind2="0" tag="600">
  <marc:subfield code="6">880-08</marc:subfield>
  <marc:subfield code="a">Rabbah bar Bar H&#x323;ana,</marc:subfield>
  <marc:subfield code="d">active 3rd century.</marc:subfield>
</marc:datafield>
    <marc:datafield ind1=" " ind2="7" tag="655">
  <marc:subfield code="a">Codices.</marc:subfield>
  <marc:subfield code="2">aat</marc:subfield>
</marc:datafield>
    <marc:datafield ind1=" " ind2="7" tag="655">
  <marc:subfield code="a">Miscellanies.</marc:subfield>
  <marc:subfield code="2">aat</marc:subfield>
</marc:datafield>
    <marc:datafield ind1=" " ind2="0" tag="655">
  <marc:subfield code="a">Manuscripts, Hebrew</marc:subfield>
  <marc:subfield code="y">19th century.</marc:subfield>
</marc:datafield>
    <marc:datafield ind1="1" ind2="2" tag="700">
  <marc:subfield code="6">880-09</marc:subfield>
  <marc:subfield code="a">Maimonides, Moses,</marc:subfield>
  <marc:subfield code="d">1135-1204,</marc:subfield>
  <marc:subfield code="e">attributed name.</marc:subfield>
  <marc:subfield code="t">Correspondence.</marc:subfield>
</marc:datafield>
    <marc:datafield ind1="2" ind2=" " tag="710">
  <marc:subfield code="a">Rosengarten Family Fund.</marc:subfield>
  <marc:subfield code="5">PU</marc:subfield>
</marc:datafield>
    <marc:datafield ind1="0" ind2="2" tag="730">
  <marc:subfield code="6">880-10</marc:subfield>
  <marc:subfield code="a">Toledot Yeshu.</marc:subfield>
</marc:datafield>
    <marc:datafield ind1="0" ind2="0" tag="773">
  <marc:subfield code="t">Rosengarten Family Fund.</marc:subfield>
</marc:datafield>
    <marc:datafield ind1=" " ind2=" " tag="852">
  <marc:subfield code="b">Library at the Herbert D. Katz Center for Advanced Judaic Studies</marc:subfield>
  <marc:subfield code="a">University of Pennsylvania</marc:subfield>
  <marc:subfield code="e">420 Walnut Street, Philadelphia, Pennsylvania 19106-3703.</marc:subfield>
  <marc:subfield code="j">CAJS Rar Ms 482</marc:subfield>
</marc:datafield>
    <marc:datafield ind1="4" ind2="2" tag="856">
  <marc:subfield code="3">The Rosengarten Family Fund Home Page</marc:subfield>
  <marc:subfield code="u">http://hdl.library.upenn.edu/1017.12/366323</marc:subfield>
</marc:datafield>
    <marc:datafield ind1="0" ind2="0" tag="880">
  <marc:subfield code="6">245-01//r</marc:subfield>
  <marc:subfield code="a">[&#x5D1;&#x5E8;&#x5D9;&#x5EA; &#x5D0;&#x5D1;&#x5E8;&#x5D4;&#x5DD;] ... [&#x5D5;&#x5DB;&#x5D5;'.],</marc:subfield>
  <marc:subfield code="f">&#x5D1;&#x5E2;&#x5E8;&#x5DA; 1800-1810.</marc:subfield>
</marc:datafield>
    <marc:datafield ind1="0" ind2=" " tag="880">
  <marc:subfield code="6">505-02//r</marc:subfield>
  <marc:subfield code="a">1. f. 2r-4v: &#x5EA;&#x5E4;&#x5D9;&#x5DC;&#x5D4; &#x5DC;&#x5D4;&#x5E6;&#x5DC;&#x5D7;&#x5EA; &#x5D4;&#x5E7;&#x5D9;&#x5E1;&#x5E8; &#x5E0;&#x5E4;&#x5D5;&#x5DC;&#x5D9;&#x5D0;&#x5D5;&#x5DF; &#x5D1;&#x5DE;&#x5DC;&#x5D7;&#x5DE;&#x5D4;]] -- 2. f. 7r-32r: &#x5D1;&#x5E8;&#x5D9;&#x5EA; &#x5D0;&#x5D1;&#x5E8;&#x5D4;&#x5DD; -- 3. f. 34r-40r: &#x5DE;&#x5E2;&#x5E9;&#x5D4; &#x5E9;&#x5D1;&#x5EA;&#x5D9; &#x5E6;&#x5D1;&#x5D9; -- 4. f. 43r-45r: &#x5D7;&#x5DC;&#x5D5;&#x5DD; &#x5E9;&#x5DC; &#x5D4;&#x5E8;&#x5D1; &#x5E4;&#x5E8;&#x5D9; &#x5D7;&#x5D3;&#x5E9; &#x5E2;"&#x5D4; -- 5. f. 47r-51r: &#x5E1;&#x5D9;&#x5E4;&#x5D5;&#x5E8; &#x5E9;&#x5DE;&#x5D5;&#x5D0;&#x5DC; &#x5DF;' &#x5E2;&#x5D6;&#x5E8;&#x5D9;&#x5D4; -- 6. f. 53r-54v: [&#x5E2;&#x5DC;] &#x5E8;' &#x5E9;&#x5DC;&#x5DE;&#x5D4; &#x5D1;&#x5DF; &#x5D2;&#x5D1;&#x5D9;&#x5E8;&#x5D5;&#x5DC; -- 7. f. 56r-59r: &#x5E4;&#x5D9;' &#x5E8;&#x5D1;&#x5D4; &#x5D1;&#x5E8; &#x5D1;&#x5E8; &#x5D7;&#x5E0;&#x5D4; -- 8. f. 61r-65v: (&#x5DE;&#x5D9;&#x5D5;&#x5D7;&#x5E1; &#x5DC;&#x5D5;) &#x5DE;&#x5D2;&#x5DC;&#x5D4; &#x5E2;&#x5DE;&#x5D5;&#x5E7;&#x5D5;&#x5EA; / &#x5D4;&#x5E8;&#x5DE;&#x5D1;"&#x5DD;.</marc:subfield>
</marc:datafield>
    <marc:datafield ind1="0" ind2="0" tag="880">
  <marc:subfield code="6">600-03//r</marc:subfield>
  <marc:subfield code="a">&#x5E0;&#x5E4;&#x5D5;&#x5DC;&#x5D9;&#x5D0;&#x5D5;&#x5DF;,</marc:subfield>
  <marc:subfield code="d">1769-1821.</marc:subfield>
</marc:datafield>
    <marc:datafield ind1="0" ind2="0" tag="880">
  <marc:subfield code="6">600-04//r</marc:subfield>
  <marc:subfield code="a">&#x5E9;&#x5D1;&#x5EA;&#x5D9; &#x5E6;&#x5D1;&#x5D9;,</marc:subfield>
  <marc:subfield code="d">1626-1676.</marc:subfield>
</marc:datafield>
    <marc:datafield ind1="0" ind2="0" tag="880">
  <marc:subfield code="6">600-05//r</marc:subfield>
  <marc:subfield code="a">&#x5E0;&#x5EA;&#x5DF;,</marc:subfield>
  <marc:subfield code="c">&#x5DE;&#x5E2;&#x5D6;&#x5D4;,</marc:subfield>
  <marc:subfield code="d">1643 or 1644-1680</marc:subfield>
</marc:datafield>
    <marc:datafield ind1="0" ind2="0" tag="880">
  <marc:subfield code="6">600-06//r</marc:subfield>
  <marc:subfield code="a">&#x5E1;&#x5D9;&#x5DC;&#x5D5;&#x5D4;, &#x5D7;&#x5D6;&#x5E7;&#x5D9;&#x5D4; &#x5D3;&#x5D9;,</marc:subfield>
  <marc:subfield code="d">1659&#x5BE;1698.</marc:subfield>
</marc:datafield>
    <marc:datafield ind1="0" ind2="0" tag="880">
  <marc:subfield code="6">600-07//r</marc:subfield>
  <marc:subfield code="a">&#x5E9;&#x5DE;&#x5D5;&#x5D0;&#x5DC; &#x5DF;' &#x5E2;&#x5D6;&#x5E8;&#x5D9;&#x5D4;.</marc:subfield>
</marc:datafield>
    <marc:datafield ind1="0" ind2="0" tag="880">
  <marc:subfield code="6">600-08//r</marc:subfield>
  <marc:subfield code="a">&#x5E8;&#x5D1;&#x5D4; &#x5D1;&#x5E8; &#x5D1;&#x5E8; &#x5D7;&#x5E0;&#x5D4;,</marc:subfield>
  <marc:subfield code="d">&#x5D4;&#x5DE;&#x5D0;&#x5D4; &#x5D4;&#x5BE;3.</marc:subfield>
</marc:datafield>
    <marc:datafield ind1="1" ind2="2" tag="880">
  <marc:subfield code="6">700-09//r</marc:subfield>
  <marc:subfield code="a">&#x5DE;&#x5E9;&#x5D4; &#x5D1;&#x5DF; &#x5DE;&#x5D9;&#x5DE;&#x5D5;&#x5DF;,</marc:subfield>
  <marc:subfield code="d">1135-1204,</marc:subfield>
  <marc:subfield code="e">&#x5DE;&#x5D9;&#x5D5;&#x5D7;&#x5E1; &#x5DC;&#x5D5;.</marc:subfield>
  <marc:subfield code="t">&#x5D0;&#x5D2;&#x5E8;&#x5D5;&#x5EA;.</marc:subfield>
</marc:datafield>
    <marc:datafield ind1="0" ind2="2" tag="880">
  <marc:subfield code="6">730-10//r</marc:subfield>
  <marc:subfield code="a">&#x5EA;&#x5D5;&#x5DC;&#x5D3;&#x5D5;&#x5EA; &#x5D9;&#x5E9;&#x5D5;.</marc:subfield>
</marc:datafield>
    <marc:datafield ind1=" " ind2=" " tag="880">
  <marc:subfield code="6">561-00//r</marc:subfield>
  <marc:subfield code="a">Signature on f. 6v: &#x5DE;&#x5E0;&#x5D7;&#x5DD; &#x5D9;&#x5E2;&#x5D8;&#x5D9;&#x5D5;&#x5D5; (?) - Menahem Yatiev. Perhaps this name is related to the name Houteff. Approximately 1850.</marc:subfield>
</marc:datafield>
    <marc:datafield ind1=" " ind2=" " tag="880">
  <marc:subfield code="6">561-00//r</marc:subfield>
  <marc:subfield code="a">Manuscript inscribed on f. 1r: &#x5D6;&#x5D4; &#x5D4;&#x5E1;&#x5E4;&#x5E8; &#x5E9;&#x5DC;&#x5D9; &#x5D9;&#x5D4;&#x5D5;&#x5D3;&#x5D4; | &#x5D3;&#x5D9; &#x5DC;&#x5D9;&#x5D0;&#x5D5;&#x5DF; &#x5D4;&#x5D9;"&#x5D5; &#x5D1;&#x5DF; &#x5DE;&#x5E8;"&#x5D5; &#x5E7;&#x5D5;&#x5E8;&#x5D5;&#x5E0;&#x5D9;&#x5D5; (?) | &#x5D9;&#x5E6;"&#x5D5;. &#x5D5;&#x5E9;&#x5DC;&#x5D5;&#x5DD; (This volume is mine, Yehudah | de Leon, may God guard him, son of my master and teacher Coronio (?) | may God protect him | Peace). Approximately 1800.</marc:subfield>
</marc:datafield>
    <marc:datafield ind1=" " ind2=" " tag="996">
  <marc:subfield code="a">hinge-right</marc:subfield>
</marc:datafield>
    <marc:holdings>
      <marc:holding>
        <marc:holding_id>22405240050003681</marc:holding_id>
        <marc:call_number>CAJS Rar Ms 482</marc:call_number>
        <marc:library>KatzLib</marc:library>
        <marc:location>cjsrarms</marc:location>
      </marc:holding>
    </marc:holdings>
  </marc:record>
</marc:records>
